@article{maron1998framework,
  title={A framework for multiple-instance learning},
  author={Maron, Oded and Lozano-P{\'e}rez, Tom{\'a}s},
  journal={Advances in neural information processing systems},
  pages={570--576},
  year={1998},
  publisher={Morgan Kaufmann Publishers}
}

@inproceedings{zhang2001dd,
	title={EM-DD: An improved multiple-instance learning technique},
	author={Zhang, Qi and Goldman, Sally A},
	booktitle={Advances in neural information processing systems},
	pages={1073--1080},
	year={2001}
}

@article{dietterich1997solving,
  title={Solving the multiple instance problem with axis-parallel rectangles},
  author={Dietterich, Thomas G and Lathrop, Richard H and Lozano-P{\'e}rez, Tom{\'a}s},
  journal={Artificial intelligence},
  volume={89},
  number={1},
  pages={31--71},
  year={1997},
  publisher={Elsevier}
}

@inproceedings{cholleti2006mi,
  title={Mi-Winnow: A new multiple-instance learning algorithm},
  author={Cholleti, Sharath R and Goldman, Sally A and Rahmani, Rouhollah},
  booktitle={2006 18th IEEE International Conference on Tools with Artificial Intelligence (ICTAI'06)},
  pages={336--346},
  year={2006},
  organization={IEEE}
}

@article{cortes1995support,
  title={Support-vector networks},
  author={Cortes, Corinna and Vapnik, Vladimir},
  journal={Machine learning},
  volume={20},
  number={3},
  pages={273--297},
  year={1995},
  publisher={Springer}
}

@article{wang2000solving,
  title={Solving multiple-instance problem: A lazy learning approach},
  author={Wang, Jun and Zucker, Jean-Daniel},
  year={2000},
  publisher={Morgan Kaufmann}
}

@article{byrd1995limited,
  title={A limited memory algorithm for bound constrained optimization},
  author={Byrd, Richard H and Lu, Peihuang and Nocedal, Jorge and Zhu, Ciyou},
  journal={SIAM Journal on Scientific Computing},
  volume={16},
  number={5},
  pages={1190--1208},
  year={1995},
  publisher={SIAM}
}

@article{chen2004image,
	title={Image categorization by learning and reasoning with regions},
	author={Chen, Yixin and Wang, James Z},
	journal={Journal of Machine Learning Research},
	volume={5},
	number={Aug},
	pages={913--939},
	year={2004}
}

@article{Harti,
	title={Algorithm AS 136: A k-means clustering algorithm},
	author={Hartigan, John A and Wong, Manchek A},
	journal={Journal of the Royal Statistical Society. Series C (Applied Statistics)},
	volume={28},
	number={1},
	pages={100--108},
	year={1979},
	publisher={JSTOR}
}

@misc{MILlink,
	author = {Jun Yang},
	title = {{Review of Multi-Instance Learning and Its applications}},
	howpublished = {\url{https://www.cs.cmu.edu/~juny/MILL/review.htm}}
}

@misc{EMlink,
	author = {{Sean Borman}},
	title = {{The Expectation Maximization Algorithm A short tutorial}},
	howpublished = {\url{https://www.cs.utah.edu/~piyush/teaching/EM_algorithm.pdf}},
	year={2006}
}

@misc{SciPy,
	author = {{SciPy}},
	title = {{SciPy Library}},
	howpublished = {\url{https://www.scipy.org/}}
}

@misc{SynthDataset,
	author = {{Ragav Venkatesan}},
	title = {{Synthetic Dataset for MIL}},
	howpublished = {\url{https://github.com/ragavvenkatesan/np-mil/tree/master/data}}
}

@article{andrews2002support,
  title={Support vector machines for multiple-instance learning},
  author={Andrews, Stuart and Tsochantaridis, Ioannis and Hofmann, Thomas},
  journal={Advances in neural information processing systems},
  volume={15},
  pages={561--568},
  year={2002}
}

@misc{MUSK1Dataset,
	author = {{UCI Machine Learning Repository}},
	title = {{MUSK1 Data Set}},
	howpublished = {\url{https://archive.ics.uci.edu/ml/datasets/Musk+(Version+1)}}
}


@misc{MUSK2Dataset,
	author = {{UCI Machine Learning Repository}},
	title = {{MUSK2 Data Set}},
	howpublished = {\url{https://archive.ics.uci.edu/ml/datasets/Musk+(Version+2)}}
}


@misc{MILLToolkit,
	author = {{Jun Yang}},
	title = {{MILL:  A Multiple Instance Learning Library}},
	howpublished = {\url{http://www.cs.cmu.edu/~juny/MILL/}}
}

@article{andrews2002support,
	title={Support vector machines for multiple-instance learning},
	author={Andrews, Stuart and Tsochantaridis, Ioannis and Hofmann, Thomas},
	journal={Advances in neural information processing systems},
	volume={15},
	pages={561--568},
	year={2002}
}

@misc{Lichman:2013,
	author = "M. Lichman",
	year = "2013",
	title = "{UCI} Machine Learning Repository",
	url = "http://archive.ics.uci.edu/ml",
	institution = "University of California, Irvine, School of Information and Computer Sciences" }